<record><leader>00000cas a2200000 a 4500</leader><controlfield tag="001">10935274</controlfield><controlfield tag="008">840711d19uu1986nyudx ne      0   e0chird</controlfield><datafield ind1=" " ind2=" " tag="010"><subfield code="a">sn 84006337 </subfield></datafield><datafield ind1=" " ind2=" " tag="040"><subfield code="a">NSD</subfield><subfield code="b">eng</subfield><subfield code="c">NSD</subfield><subfield code="d">OCL</subfield><subfield code="d">NYS</subfield><subfield code="d">OCLCQ</subfield><subfield code="d">OCLCO</subfield><subfield code="d">OCLCF</subfield><subfield code="d">OCLCO</subfield></datafield><datafield ind1=" " ind2=" " tag="012"><subfield code="j">0</subfield><subfield code="m">d</subfield></datafield><datafield ind1="0" ind2=" " tag="022"><subfield code="a">0748-4038</subfield><subfield code="l">0748-4038</subfield><subfield code="2">1</subfield></datafield><datafield ind1="1" ind2=" " tag="029"><subfield code="a">AU@</subfield><subfield code="b">000015610752</subfield></datafield><datafield ind1=" " ind2=" " tag="037"><subfield code="b">Sino Daily Express, 449 Broadway, New York, NY 10013</subfield></datafield><datafield ind1=" " ind2=" " tag="042"><subfield code="a">nsdp</subfield></datafield><datafield ind1=" " ind2=" " tag="043"><subfield code="a">n-us-ny</subfield></datafield><datafield ind1="0" ind2=" " tag="210"><subfield code="a">Hua&#768;yu&#774; kuai&#768;ba&#768;o</subfield></datafield><datafield ind1=" " ind2="0" tag="222"><subfield code="a">Hua&#768;yu&#768; kuai&#768;ba&#768;o</subfield></datafield><datafield ind1="0" ind2="0" tag="245"><subfield code="a">Hua yu kuai bao =</subfield><subfield code="b">Sino daily express.</subfield></datafield><datafield ind1="3" ind2="1" tag="246"><subfield code="a">Sino daily express</subfield></datafield><datafield ind1=" " ind2=" " tag="260"><subfield code="a">NYC [i.e. New York] :</subfield><subfield code="b">Greater Chinatown Pub.</subfield></datafield><datafield ind1=" " ind2=" " tag="310"><subfield code="a">Daily (except holidays)</subfield></datafield><datafield ind1="1" ind2=" " tag="362"><subfield code="a">Ceased in Sept. 1986.</subfield></datafield><datafield ind1=" " ind2=" " tag="588"><subfield code="a">Description based on: 1984 nian 4 yue zljih.</subfield></datafield><datafield ind1=" " ind2="0" tag="650"><subfield code="a">Chinese</subfield><subfield code="z">United States</subfield><subfield code="v">Newspapers.</subfield></datafield><datafield ind1=" " ind2="0" tag="650"><subfield code="a">Chinese Americans</subfield><subfield code="z">New York (State)</subfield><subfield code="z">New York</subfield><subfield code="v">Newspapers.</subfield></datafield><datafield ind1=" " ind2="0" tag="651"><subfield code="a">New York (N.Y.)</subfield><subfield code="v">Newspapers.</subfield></datafield><datafield ind1=" " ind2="0" tag="651"><subfield code="a">New York County (N.Y.)</subfield><subfield code="v">Newspapers.</subfield></datafield><datafield ind1=" " ind2="7" tag="655"><subfield code="a">Newspapers.</subfield><subfield code="2">fast</subfield><subfield code="0">(OCoLC)fst01423814</subfield></datafield><datafield ind1=" " ind2="7" tag="650"><subfield code="a">Chinese.</subfield><subfield code="2">fast</subfield><subfield code="0">(OCoLC)fst00857169</subfield></datafield><datafield ind1=" " ind2="7" tag="650"><subfield code="a">Chinese Americans.</subfield><subfield code="2">fast</subfield><subfield code="0">(OCoLC)fst00857249</subfield></datafield><datafield ind1=" " ind2="7" tag="651"><subfield code="a">New York (State)</subfield><subfield code="z">New York.</subfield><subfield code="2">fast</subfield><subfield code="0">(OCoLC)fst01204333</subfield></datafield><datafield ind1=" " ind2="7" tag="651"><subfield code="a">New York (State)</subfield><subfield code="z">New York County.</subfield><subfield code="2">fast</subfield><subfield code="0">(OCoLC)fst01234953</subfield></datafield><datafield ind1=" " ind2="7" tag="651"><subfield code="a">United States.</subfield><subfield code="2">fast</subfield><subfield code="0">(OCoLC)fst01204155</subfield></datafield><datafield ind1=" " ind2=" " tag="752"><subfield code="a">United States</subfield><subfield code="b">New York</subfield><subfield code="c">New York</subfield><subfield code="d">New York.</subfield></datafield><datafield ind1="0" ind2="0" tag="785"><subfield code="t">Huayu&#776; kuaibao</subfield><subfield code="x">0891-561X</subfield><subfield code="w">(DLC)sn 86010636</subfield><subfield code="w">(OCoLC)14970578</subfield></datafield><datafield ind1=" " ind2=" " tag="936"><subfield code="a">1984 nian 4 yue zljih</subfield></datafield></record>